<?xml version="1.0" encoding="UTF-8"?><record xmlns="http://www.loc.gov/MARC21/slim" xmlns:cinclude="http://apache.org/cocoon/include/1.0" xmlns:zs="http://www.loc.gov/zing/srw/">
  <leader>00494nz  a2200157n  4500</leader>
  <controlfield tag="001">n 2014044235</controlfield>
  <controlfield tag="003">DLC</controlfield>
  <controlfield tag="005">20140723155924.0</controlfield>
  <controlfield tag="008">140723n| azannaabn          |a aaa      </controlfield>
  <datafield tag="010" ind1=" " ind2=" ">
    <subfield code="a">n 2014044235</subfield>
  </datafield>
  <datafield tag="040" ind1=" " ind2=" ">
    <subfield code="a">DLC</subfield>
    <subfield code="b">eng</subfield>
    <subfield code="e">rda</subfield>
    <subfield code="c">DLC</subfield>
  </datafield>
  <datafield tag="100" ind1="1" ind2=" ">
    <subfield code="a">Reyes Ramos, Carmen Maria de los</subfield>
  </datafield>
  <datafield tag="400" ind1="1" ind2=" ">
    <subfield code="a">De los Reyes Ramos, Carmen Maria</subfield>
  </datafield>
  <datafield tag="400" ind1="1" ind2=" ">
    <subfield code="a">Los Reyes Ramos, Carmen Maria de</subfield>
  </datafield>
  <datafield tag="400" ind1="1" ind2=" ">
    <subfield code="a">Ramos, Carmen Maria de los Reyes</subfield>
  </datafield>
  <datafield tag="670" ind1=" " ind2=" ">
    <subfield code="a">Normas aduana, 2011:</subfield>
    <subfield code="b">t.p. verso (Carmen MariĚa de los Reyes Ramos)</subfield>
  </datafield>
</record>